%% This BibTeX bibliography file was created using BibDesk.
%% http://bibdesk.sourceforge.net/

%% Created for Vito Le√≥n at 2016-02-23 19:06:10 +0100 


%% Saved with string encoding Unicode (UTF-8) 



@article{balderrama_integralj,
	Author = {Rafael Balderrama, Manuel Mart{\'\i}nez, Adri{\'a}n P. Casilino},
	Date-Added = {2016-02-23 17:56:53 +0000},
	Date-Modified = {2016-02-23 17:58:20 +0000},
	Journal = {Tesis Doctorado},
	Title = {Aplicaci{\'o}n De La Integral J De Dominio Al An{\'a}lisis Tridimensional De Grietas En S{\'o}lidos Termoel{\'a}sticos},
	Year = {2004}}
